% prior work, bargains dataset
@inproceedings{he-etal-2018,
    title = "Decoupling Strategy and Generation in Negotiation Dialogues",
    author = "He, He and
      Chen, Derek and
      Balakrishnan, Anusha and
      Liang, Percy",
    booktitle = "Proceedings of the 2018 Conference on Empirical Methods in Natural Language Processing",
    month = oct,
    year = "2018",
    address = "Brussels, Belgium",
    publisher = "Association for Computational Linguistics",
    url = "https://aclanthology.org/D18-1256",
    doi = "10.18653/v1/D18-1256",
    pages = "2333--2343"
}

% llama
@article{touvron2023llamaopenefficientfoundation,
  title={LLaMA: Open and Efficient Foundation Language Models},
  author={Touvron, Hugo and Lavril, Thibaut and Izacard, Gautier and Martinet, Xavier and Lachaux, Marie-Anne and Lacroix, Timothée and Rozière, Baptiste and Goyal, Naman and Hambro, Eric and Azhar, Faisal and Rodriguez, Aurelien and Joulin, Armand and Grave, Edouard and Lample, Guillaume},
  journal={arXiv preprint arXiv:2302.13971},
  year={2023},
  eprint={2302.13971},
  archivePrefix={arXiv},
  primaryClass={cs.CL},
  url={https://arxiv.org/abs/2302.13971},
  note={Published by Meta AI, introducing foundational language models trained on publicly available datasets, achieving state-of-the-art results across various benchmarks.}
}

% llm persuasiveness
@article{seetharaman2024turning,
  title     = {Turning {OpenAI} Into a Real Business Is Tearing It Apart},
  author    = {Seetharaman, Deepa},
  journal   = {The Wall Street Journal},
  year      = {2024},
  month     = jan,
  url       = {https://www.wsj.com/tech/ai/open-ai-division-for-profit-da26c24b}
}
@article{breum2023persuasivepowerlargelanguage,
  title     = {The Persuasive Power of Large Language Models},
  author    = {Breum, Simon Martin and Egdal, Daniel V{\ae}dele and Mortensen, Victor Gram and M{\o}ller, Anders Giovanni and Aiello, Luca Maria},
  journal   = {Computing Research Repository},
  volume    = {arXiv:2312.15523},
  year      = {2023},
  url       = {https://arxiv.org/abs/2312.15523},
  archivePrefix = {arXiv},
  primaryClass = {cs.CY}
}

% dialogue dataset
@article{lewis2017dealdealendtoendlearning,
  title={Deal or No Deal? End-to-End Learning for Negotiation Dialogues},
  author={Lewis, Mike and Yarats, Denis and Dauphin, Yann N and Parikh, Devi and Batra, Dhruv},
  journal={Proceedings of the Conference on Empirical Methods in Natural Language Processing (EMNLP)},
  year={2017},
  eprint={1706.05125},
  archivePrefix={arXiv},
  primaryClass={cs.AI},
  url={https://arxiv.org/abs/1706.05125},
  note={Published by Meta AI, focusing on negotiation tasks that combine reasoning and linguistic skills. The dataset and code are available for research use.}
}